@book{gattringer2009quantum,
  title={Quantum chromodynamics on the lattice: an introductory presentation},
  author={Gattringer, Christof and Lang, Christian},
  volume={788},
  year={2009},
  publisher={Springer Science \& Business Media}
}

@misc{lecturenote,
  author = {Evan Berkowitz, Bartosz Kostrzewa, Stefan Krieg},
  title = {Lecture note of computational physics},
  year = {2025}
}
@article{luscher2010computational,
  title={Computational Strategies in Lattice QCD},
  author={L{\"u}scher, Martin},
  journal={arXiv preprint arXiv:1002.4232},
  year={2010}
}